%% This BibTeX bibliography file was created using BibDesk.
%% http://bibdesk.sourceforge.net/

%% Created for Kyle Shaffer at 2015-01-31 16:32:21 -0500 


%% Saved with string encoding Unicode (UTF-8) 



@inproceedings{liu2005opinion,
	Author = {Liu, Bing and Hu, Minqing and Cheng, Junsheng},
	Booktitle = {Proceedings of the 14th international conference on World Wide Web},
	Date-Added = {2015-01-31 19:34:20 +0000},
	Date-Modified = {2015-01-31 19:34:20 +0000},
	Organization = {ACM},
	Pages = {342--351},
	Title = {Opinion observer: analyzing and comparing opinions on the web},
	Year = {2005}}

@article{tausczik2010psychological,
	Author = {Tausczik, Yla R and Pennebaker, James W},
	Date-Added = {2015-01-31 18:23:08 +0000},
	Date-Modified = {2015-01-31 18:23:08 +0000},
	Journal = {Journal of language and social psychology},
	Number = {1},
	Pages = {24--54},
	Publisher = {Sage Publications},
	Title = {The psychological meaning of words: LIWC and computerized text analysis methods},
	Volume = {29},
	Year = {2010}}

@inproceedings{kang2011analyzing,
	Author = {Kang, Jeon-Hyung and Kim, Jihie},
	Booktitle = {Privacy, security, risk and trust (passat), 2011 ieee third international conference on and 2011 ieee third international conference on social computing (socialcom)},
	Date-Added = {2015-01-05 02:36:12 +0000},
	Date-Modified = {2015-01-05 02:36:12 +0000},
	Organization = {IEEE},
	Pages = {111--117},
	Title = {Analyzing answers in threaded discussions using a Role-Based information network},
	Year = {2011}}

@inproceedings{kim2009identifying,
	Author = {Kim, Jihie and Kim, Taehwan and Li, Jia},
	Booktitle = {AIED},
	Date-Added = {2015-01-05 02:33:54 +0000},
	Date-Modified = {2015-01-05 02:33:54 +0000},
	Pages = {704--706},
	Title = {Identifying Unresolved Issues in Online Student Discussions: A Multi-Phase Dialogue Classification Approach.},
	Year = {2009}}

@article{searle1976classification,
	Author = {Searle, John R},
	Date-Added = {2014-12-22 19:07:12 +0000},
	Date-Modified = {2014-12-22 19:07:12 +0000},
	Journal = {Language in society},
	Number = {01},
	Pages = {1--23},
	Publisher = {Cambridge Univ Press},
	Title = {A classification of illocutionary acts},
	Volume = {5},
	Year = {1976}}

@book{searle1976taxonomy,
	Author = {Searle, John R},
	Date-Added = {2014-12-22 18:52:23 +0000},
	Date-Modified = {2014-12-22 18:52:23 +0000},
	Publisher = {Linguistic Agency University of Trier},
	Title = {A taxonomy of illocutionary acts},
	Year = {1976}}

@inproceedings{rose2014social,
	Author = {Ros{\'e}, Carolyn Penstein and Carlson, Ryan and Yang, Diyi and Wen, Miaomiao and Resnick, Lauren and Goldman, Pam and Sherer, Jennifer},
	Booktitle = {Proceedings of the first ACM conference on Learning@ scale conference},
	Date-Added = {2014-12-22 15:03:54 +0000},
	Date-Modified = {2014-12-22 15:03:54 +0000},
	Organization = {ACM},
	Pages = {197--198},
	Title = {Social factors that contribute to attrition in moocs},
	Year = {2014}}

@article{koller2013retention,
	Author = {Koller, Daphne and Ng, Andrew and Do, Chuong and Chen, Zhenghao},
	Date-Added = {2014-12-22 15:02:35 +0000},
	Date-Modified = {2014-12-22 15:02:35 +0000},
	Journal = {Educause Review},
	Number = {3},
	Title = {Retention and intention in massive open online courses: In depth},
	Volume = {48},
	Year = {2013}}

@inproceedings{yang2013turn,
	Author = {Yang, Diyi and Sinha, Tanmay and Adamson, David and Ros{\'e}, Carolyn Penstein},
	Booktitle = {Proceedings of the 2013 NIPS Data-Driven Education Workshop},
	Date-Added = {2014-12-19 19:46:14 +0000},
	Date-Modified = {2014-12-19 19:46:14 +0000},
	Title = {Turn on, tune in, drop out: Anticipating student dropouts in massive open online courses},
	Year = {2013}}

@article{sharkey2014process,
	Author = {Sharkey, Mike and Sanders, Robert},
	Date-Added = {2014-12-19 19:44:43 +0000},
	Date-Modified = {2014-12-19 19:44:43 +0000},
	Journal = {EMNLP 2014},
	Pages = {50},
	Title = {A Process for Predicting MOOC Attrition},
	Year = {2014}}

@mastersthesis{balakrishnan2013predicting,
	Author = {Balakrishnan, Girish and Coetzee, Derrick},
	Date-Added = {2014-12-19 19:43:51 +0000},
	Date-Modified = {2014-12-21 20:42:06 +0000},
	Publisher = {Master's thesis, EECS Department, University of California, Berkeley},
	School = {University of California, Berkeley},
	Title = {Predicting student retention in massive open online courses using hidden markov models},
	Year = {2013}}

@inproceedings{kim2006modeling,
	Author = {Kim, Jihie and Shaw, Erin and Feng, Donghui and Beal, Carole and Hovy, Eduard},
	Booktitle = {Proc. of the AAAI Workshop on Educational Data Mining},
	Date-Added = {2014-12-19 19:43:04 +0000},
	Date-Modified = {2014-12-19 19:43:04 +0000},
	Title = {Modeling and assessing student activities in on-line discussions},
	Year = {2006}}

@inproceedings{ramesh2014learning,
	Author = {Ramesh, Arti and Goldwasser, Dan and Huang, Bert and Daume III, Hal and Getoor, Lise},
	Booktitle = {Twenty-Eighth AAAI Conference on Artificial Intelligence},
	Date-Added = {2014-12-19 19:41:48 +0000},
	Date-Modified = {2014-12-19 19:41:48 +0000},
	Title = {Learning latent engagement patterns of students in online courses},
	Year = {2014}}

@inproceedings{ramesh2014uncovering,
	Author = {Ramesh, Arti and Goldwasser, Dan and Huang, Bert and Daume III, Hal and Getoor, Lise},
	Booktitle = {Proceedings of the first ACM conference on Learning@ scale conference},
	Date-Added = {2014-12-19 19:40:40 +0000},
	Date-Modified = {2014-12-19 19:40:40 +0000},
	Organization = {ACM},
	Pages = {157--158},
	Title = {Uncovering hidden engagement patterns for predicting learner performance in MOOCs},
	Year = {2014}}

@mastersthesis{gustafson2011classification,
	Author = {Gustafson, Erik},
	Date-Added = {2014-12-18 20:11:21 +0000},
	Date-Modified = {2014-12-18 20:20:32 +0000},
	School = {Royal Institute of Technology},
	Title = {Classification of Speech Acts in Discussion Threads},
	Year = {2011}}

@inproceedings{wen2014linguistic,
	Author = {Wen, Miaomiao and Yang, Diyi and Ros{\'e}, Carolyn Penstein},
	Booktitle = {Proceedings of the International Conference on Weblogs and Social Media},
	Date-Added = {2014-12-18 20:10:27 +0000},
	Date-Modified = {2015-01-05 03:10:40 +0000},
	Title = {Linguistic Reflections of Student Engagement in Massive Open Online Courses},
	Year = {2014}}

@inproceedings{wen2014identifying,
	Author = {Wen, Miaomiao and Rose, Carolyn Penstein},
	Booktitle = {Proceedings of the 23rd ACM International Conference on Conference on Information and Knowledge Management},
	Date-Added = {2014-12-18 20:10:07 +0000},
	Date-Modified = {2014-12-18 20:10:07 +0000},
	Organization = {ACM},
	Pages = {1983-1986},
	Title = {Identifying Latent Study Habits by Mining Learner Behavior Patterns in Massive Open Online Courses},
	Year = {2014}}

@inproceedings{wen2014sentiment,
	Author = {Wen, Miaomiao and Yang, Diyi and Ros{\'e}, Carolyn Penstein},
	Booktitle = {Proceedings of 2014 Conference on Educational Data Mining},
	Date-Added = {2014-12-18 20:06:48 +0000},
	Date-Modified = {2014-12-18 20:09:32 +0000},
	Journal = {Proceedings of Educational Data Mining},
	Title = {Sentiment Analysis in MOOC Discussion Forums: What does it tell us?},
	Year = {2014}}

@inproceedings{sheng2008get,
	Author = {Sheng, Victor S and Provost, Foster and Ipeirotis, Panagiotis G},
	Booktitle = {Proceedings of the 14th ACM SIGKDD international conference on Knowledge discovery and data mining},
	Date-Added = {2014-12-18 20:06:19 +0000},
	Date-Modified = {2015-01-05 16:00:29 +0000},
	Organization = {ACM},
	Pages = {614-622},
	Title = {Get another label? Improving data quality and data mining using multiple, noisy labelers},
	Year = {2008}}

@article{rus2012automated,
	Author = {Rus, Vasile and Moldovan, Cristian and Niraula, Nobal and Graesser, Arthur C},
	Date-Added = {2014-12-18 20:05:50 +0000},
	Date-Modified = {2014-12-18 20:05:50 +0000},
	Journal = {International Educational Data Mining Society},
	Publisher = {ERIC},
	Title = {Automated Discovery of Speech Act Categories in Educational Games.},
	Year = {2012}}

@article{ravi2007profiling,
	Author = {Ravi, Sujith and Kim, Jihie},
	Date-Added = {2014-12-18 20:05:19 +0000},
	Date-Modified = {2014-12-18 20:05:19 +0000},
	Journal = {Frontiers in Artificial Intelligence and Applications},
	Pages = {357},
	Publisher = {IOS Press},
	Title = {Profiling student interactions in threaded discussions with speech act classifiers},
	Volume = {158},
	Year = {2007}}

@inproceedings{qadir2011classifying,
	Author = {Qadir, Ashequl and Riloff, Ellen},
	Booktitle = {Proceedings of the Conference on Empirical Methods in Natural Language Processing},
	Date-Added = {2014-12-18 20:04:58 +0000},
	Date-Modified = {2014-12-18 20:04:58 +0000},
	Organization = {Association for Computational Linguistics},
	Pages = {748-758},
	Title = {Classifying sentences as speech acts in message board posts},
	Year = {2011}}

@article{mayfield2014automating,
	Author = {Mayfield, Elijah and Laws, M Barton and Wilson, Ira B and Ros{\'e}, Carolyn Penstein},
	Date-Added = {2014-12-18 20:04:35 +0000},
	Date-Modified = {2014-12-18 20:04:35 +0000},
	Journal = {Journal of the American Medical Informatics Association},
	Number = {e1},
	Pages = {e122-e128},
	Publisher = {BMJ Publishing Group Ltd},
	Title = {Automating annotation of information-giving for analysis of clinical conversation},
	Volume = {21},
	Year = {2014}}

@inproceedings{kim2006mining,
	Author = {Kim, Jihie and Chern, Grace and Feng, Donghui and Shaw, Erin and Hovy, Eduard},
	Booktitle = {Proceedings of the Workshop on Web Content Mining with Human Language Technologies at the 5th International Semantic Web Conference},
	Date-Added = {2014-12-18 20:03:29 +0000},
	Date-Modified = {2014-12-18 20:03:29 +0000},
	Title = {Mining and assessing discussions on the web through speech act analysis},
	Year = {2006}}

@article{kim2014towards,
	Author = {Kim, Jihie and Kang, Jeon-Hyung},
	Date-Added = {2014-12-18 20:03:02 +0000},
	Date-Modified = {2014-12-18 20:03:02 +0000},
	Journal = {Applied Intelligence},
	Number = {4},
	Pages = {601-612},
	Publisher = {Springer},
	Title = {Towards identifying unresolved discussions in student online forums},
	Volume = {40},
	Year = {2014}}

@inproceedings{jeong2009semi,
	Author = {Jeong, Minwoo and Lin, Chin-Yew and Lee, Gary Geunbae},
	Booktitle = {Proceedings of the 2009 Conference on Empirical Methods in Natural Language Processing: Volume 3-Volume 3},
	Date-Added = {2014-12-18 20:02:32 +0000},
	Date-Modified = {2014-12-18 20:02:32 +0000},
	Organization = {Association for Computational Linguistics},
	Pages = {1250-1259},
	Title = {Semi-supervised speech act recognition in emails and forums},
	Year = {2009}}

@article{elouazizi2014point,
	Author = {Elouazizi, Noureddine},
	Date-Added = {2014-12-18 20:01:12 +0000},
	Date-Modified = {2014-12-18 20:01:12 +0000},
	Journal = {EMNLP 2014},
	Pages = {32},
	Title = {Point-of-View Mining and Cognitive Presence in MOOCs: A (Computational) Linguistics Perspective},
	Year = {2014}}

@inproceedings{cohen2004learning,
	Author = {Cohen, William W and Carvalho, Vitor R and Mitchell, Tom M},
	Booktitle = {EMNLP},
	Date-Added = {2014-12-18 20:00:38 +0000},
	Date-Modified = {2014-12-18 20:00:38 +0000},
	Pages = {309--316},
	Title = {Learning to Classify Email into``Speech Acts''.},
	Year = {2004}}

@inproceedings{chaturvedipredicting,
	Author = {Chaturvedi, Snigdha and Goldwasser, Dan and Daum{\'e} III, Hal},
	Booktitle = {52nd Annual Meeting of the Association for Computational Linguistics},
	Date-Added = {2014-12-18 19:58:56 +0000},
	Date-Modified = {2014-12-18 20:00:16 +0000},
	Pages = {1501-11},
	Title = {Predicting Instructor's Intervention in MOOC forums},
	Year = {2014}}

@inproceedings{carvalho2005collective,
	Author = {Carvalho, Vitor R and Cohen, William W},
	Booktitle = {Proceedings of the 28th annual international ACM SIGIR conference on Research and development in information retrieval},
	Date-Added = {2014-12-18 19:58:27 +0000},
	Date-Modified = {2014-12-18 19:58:27 +0000},
	Organization = {ACM},
	Pages = {345-352},
	Title = {On the collective classification of email speech acts},
	Year = {2005}}

@inproceedings{bhatia2012classifying,
	Author = {Bhatia, Sumit and Biyani, Prakhar and Mitra, Prasenjit},
	Booktitle = {15th International workshop on the Web and Databases (WebDB), Co-Located with SIGMOD, 2012},
	Date-Added = {2014-12-18 19:52:57 +0000},
	Date-Modified = {2015-01-31 21:32:18 +0000},
	Publisher = {Citeseer},
	Title = {Classifying user messages for managing web forum data},
	Year = {2012}}
